@Misc{std:RFC1866,
  author =       {T. Berners-Lee and D. Connolly},
  title =        {Hypertext Markup Language - 2.0},
  howpublished = {RFC 1866},
  organization = {{IETF}},
  url =          {https://datatracker.ietf.org/doc/html/rfc1866},
  month =        nov,
  year =         1995
}

@Misc{std:RFC7578,
  author =       {L. Masinter},
  title =        {Returning Values from Forms: multipart/form-data},
  howpublished = {RFC 7578},
  organization = {{IETF}},
  url =          {https://datatracker.ietf.org/doc/html/rfc7578},
  month =        jul,
  year =         2015
}


